@book{chang2008,
  author = {Leslie T. Chang},
  year = {2008},
  title = {Factory Girls: From Village to City in a Changing China},
  publisher = {Random House N.Y.}
}

@book{miller2022,
  author = {Chris Miller},
  year = {2022},
  title = {Chip War: The Fight for the World's Most Critical Technology},
  publisher = {Simon & Schuster Books for Young Readers}
}

@article{article,
    author = {Park, Jinah and Song, Haiyan},
    year = {2021},
    month = {06},
    pages = {100600},
    title = {Variance of destination region image according to multi-dimensional proximity: A case of the Greater Bay Area},
    volume = {20},
    journal = {Journal of Destination Marketing & Management},
    doi = {10.1016/j.jdmm.2021.100600}
}
