@book{wood2013power,
  title={Power Generation, Operation, and Control},
  author={Wood, Allen J and Wollenberg, Bruce F and Sheblé, Gerald B},
  year={2013},
  publisher={John Wiley \& Sons}
}

@article{dc_opf,
  title={DC Power Flow in Analysis of Power Networks},
  author={Stott, B and Jardim, J and Alsaç, O},
  journal={IEEE Transactions on Power Systems},
  volume={24},
  number={3},
  pages={1290--1300},
  year={2009}
}

@techreport{andersson2004power,
  title={Modelling and Analysis of Electric Power Systems},
  author={Andersson, G{\"o}ran},
  institution={ETH Z{\"u}rich},
  type={Lecture Notes},
  number={227-0526-00},
  address={Z{\"u}rich, Switzerland},
  year={2004},
  month={March},
  note={Power Systems Laboratory, ETH Z{\"u}rich}
}

@misc{pso_course2024,
  title={Power Systems Optimization Course Materials},
  author={Davidson, Michael and Jenkins, Jesse},
  year={2024},
  url={https://github.com/Power-Systems-Optimization-Course/power-systems-optimization},
  note={Course materials for MAE/ENE 539 at Princeton and MAE 243 at UC San Diego},
  urldate={2024-03-21}
}

@misc{matpower2024,
  title={MATPOWER Documentation},
  author={{MATPOWER Development Team}},
  year={2024},
  url={https://matpower.org/docs/ref/matpower5.0/menu5.0.html},
  note={MATPOWER: A MATLAB Power System Simulation Package},
  urldate={2024-03-21}
}

@software{pypsa2024,
  title={{PyPSA: Python for Power System Analysis}},
  author={Brown, Tom and H{\"o}rsch, Jonas and Hofmann, Fabian and Neumann, Fabian and 
          Zeyen, Lisa and Syranidis, Chloe and Frysztacki, Martha and 
          Schlachtberger, David and Glaum, Philipp and Parzen, Max},
  year={2024},
  version={0.32.0},
  doi={10.5334/jors.188},
  url={https://github.com/PyPSA/PyPSA},
  note={Software package for power system analysis and optimization}
}

% cd report
% pdflatex main
% bibtex main
% pdflatex main
% pdflatex main